%YAML 1.1
%TAG !u! tag:unity3d.com,2011:
--- !u!54 &8070121876799861527
Rigidbody:
  m_ObjectHideFlags: 0
  m_CorrespondingSourceObject: {fileID: 0}
  m_PrefabInstance: {fileID: 0}
  m_PrefabAsset: {fileID: 0}
  m_GameObject: {fileID: 2035163652414451064}
  serializedVersion: 2
  m_Mass: 0.2
  m_Drag: 0
  m_AngularDrag: 0.05
  m_UseGravity: 1
  m_IsKinematic: 0
  m_Interpolate: 0
  m_Constraints: 0
  m_CollisionDetection: 0
--- !u!54 &358189120326752197
Rigidbody:
  m_ObjectHideFlags: 0
  m_CorrespondingSourceObject: {fileID: 0}
  m_PrefabInstance: {fileID: 0}
  m_PrefabAsset: {fileID: 0}
  m_GameObject: {fileID: 4687425151009376342}
  serializedVersion: 2
  m_Mass: 0.2
  m_Drag: 0
  m_AngularDrag: 0.05
  m_UseGravity: 1
  m_IsKinematic: 0
  m_Interpolate: 0
  m_Constraints: 0
  m_CollisionDetection: 0
--- !u!1 &1613603487741853293
GameObject:
  m_ObjectHideFlags: 0
  m_CorrespondingSourceObject: {fileID: 0}
  m_PrefabInstance: {fileID: 0}
  m_PrefabAsset: {fileID: 0}
  serializedVersion: 6
  m_Component:
  - component: {fileID: 3357720161412932007}
  - component: {fileID: 6279826351849794580}
  m_Layer: 0
  m_Name: Barrier (1)
  m_TagString: Enemy
  m_Icon: {fileID: 0}
  m_NavMeshLayer: 0
  m_StaticEditorFlags: 0
  m_IsActive: 1
--- !u!4 &3357720161412932007
Transform:
  m_ObjectHideFlags: 0
  m_CorrespondingSourceObject: {fileID: 0}
  m_PrefabInstance: {fileID: 0}
  m_PrefabAsset: {fileID: 0}
  m_GameObject: {fileID: 1613603487741853293}
  m_LocalRotation: {x: 0, y: 0, z: 0, w: 1}
  m_LocalPosition: {x: 1.86, y: 0, z: 6.95}
  m_LocalScale: {x: 1, y: 1, z: 1}
  m_Children:
  - {fileID: 6853945790556152590}
  - {fileID: 5933731598862892740}
  - {fileID: 9055094926667539942}
  - {fileID: 3858181768827906161}
  - {fileID: 5605993656996227601}
  - {fileID: 5130488750477585741}
  m_Father: {fileID: 5043061090269288766}
  m_RootOrder: 22
  m_LocalEulerAnglesHint: {x: 0, y: 0, z: 0}
--- !u!65 &6279826351849794580
BoxCollider:
  m_ObjectHideFlags: 0
  m_CorrespondingSourceObject: {fileID: 0}
  m_PrefabInstance: {fileID: 0}
  m_PrefabAsset: {fileID: 0}
  m_GameObject: {fileID: 1613603487741853293}
  m_Material: {fileID: 0}
  m_IsTrigger: 1
  m_Enabled: 1
  serializedVersion: 2
  m_Size: {x: 1, y: 2, z: 0.5}
  m_Center: {x: 0, y: 0, z: 0}
--- !u!54 &4431708936713101552
Rigidbody:
  m_ObjectHideFlags: 0
  m_CorrespondingSourceObject: {fileID: 0}
  m_PrefabInstance: {fileID: 0}
  m_PrefabAsset: {fileID: 0}
  m_GameObject: {fileID: 293694643232285499}
  serializedVersion: 2
  m_Mass: 0.2
  m_Drag: 0
  m_AngularDrag: 0.05
  m_UseGravity: 1
  m_IsKinematic: 0
  m_Interpolate: 0
  m_Constraints: 0
  m_CollisionDetection: 0
--- !u!54 &2540864748404384626
Rigidbody:
  m_ObjectHideFlags: 0
  m_CorrespondingSourceObject: {fileID: 0}
  m_PrefabInstance: {fileID: 0}
  m_PrefabAsset: {fileID: 0}
  m_GameObject: {fileID: 8172697475435120545}
  serializedVersion: 2
  m_Mass: 0.2
  m_Drag: 0
  m_AngularDrag: 0.05
  m_UseGravity: 1
  m_IsKinematic: 0
  m_Interpolate: 0
  m_Constraints: 0
  m_CollisionDetection: 0
--- !u!54 &1506412226168079156
Rigidbody:
  m_ObjectHideFlags: 0
  m_CorrespondingSourceObject: {fileID: 0}
  m_PrefabInstance: {fileID: 0}
  m_PrefabAsset: {fileID: 0}
  m_GameObject: {fileID: 6816673723888207285}
  serializedVersion: 2
  m_Mass: 0.2
  m_Drag: 0
  m_AngularDrag: 0.05
  m_UseGravity: 1
  m_IsKinematic: 0
  m_Interpolate: 0
  m_Constraints: 0
  m_CollisionDetection: 0
--- !u!54 &7239196674188816604
Rigidbody:
  m_ObjectHideFlags: 0
  m_CorrespondingSourceObject: {fileID: 0}
  m_PrefabInstance: {fileID: 0}
  m_PrefabAsset: {fileID: 0}
  m_GameObject: {fileID: 8551000946664089095}
  serializedVersion: 2
  m_Mass: 0.2
  m_Drag: 0
  m_AngularDrag: 0.05
  m_UseGravity: 1
  m_IsKinematic: 0
  m_Interpolate: 0
  m_Constraints: 0
  m_CollisionDetection: 0
--- !u!1001 &567447629938741897
PrefabInstance:
  m_ObjectHideFlags: 0
  serializedVersion: 2
  m_Modification:
    m_TransformParent: {fileID: 3357720161412932007}
    m_Modifications:
    - target: {fileID: 5000208982451572689, guid: 7f37b8877f7adc1478448e61f51ba5db, type: 3}
      propertyPath: m_Name
      value: Box_1
      objectReference: {fileID: 0}
    - target: {fileID: 6395641422866870663, guid: 7f37b8877f7adc1478448e61f51ba5db, type: 3}
      propertyPath: m_RootOrder
      value: 0
      objectReference: {fileID: 0}
    - target: {fileID: 6395641422866870663, guid: 7f37b8877f7adc1478448e61f51ba5db, type: 3}
      propertyPath: m_LocalScale.x
      value: 2
      objectReference: {fileID: 0}
    - target: {fileID: 6395641422866870663, guid: 7f37b8877f7adc1478448e61f51ba5db, type: 3}
      propertyPath: m_LocalScale.y
      value: 2
      objectReference: {fileID: 0}
    - target: {fileID: 6395641422866870663, guid: 7f37b8877f7adc1478448e61f51ba5db, type: 3}
      propertyPath: m_LocalScale.z
      value: 2
      objectReference: {fileID: 0}
    - target: {fileID: 6395641422866870663, guid: 7f37b8877f7adc1478448e61f51ba5db, type: 3}
      propertyPath: m_LocalPosition.x
      value: 0
      objectReference: {fileID: 0}
    - target: {fileID: 6395641422866870663, guid: 7f37b8877f7adc1478448e61f51ba5db, type: 3}
      propertyPath: m_LocalPosition.y
      value: 0.255
      objectReference: {fileID: 0}
    - target: {fileID: 6395641422866870663, guid: 7f37b8877f7adc1478448e61f51ba5db, type: 3}
      propertyPath: m_LocalPosition.z
      value: 0
      objectReference: {fileID: 0}
    - target: {fileID: 6395641422866870663, guid: 7f37b8877f7adc1478448e61f51ba5db, type: 3}
      propertyPath: m_LocalRotation.w
      value: 1
      objectReference: {fileID: 0}
    - target: {fileID: 6395641422866870663, guid: 7f37b8877f7adc1478448e61f51ba5db, type: 3}
      propertyPath: m_LocalRotation.x
      value: 0
      objectReference: {fileID: 0}
    - target: {fileID: 6395641422866870663, guid: 7f37b8877f7adc1478448e61f51ba5db, type: 3}
      propertyPath: m_LocalRotation.y
      value: 0
      objectReference: {fileID: 0}
    - target: {fileID: 6395641422866870663, guid: 7f37b8877f7adc1478448e61f51ba5db, type: 3}
      propertyPath: m_LocalRotation.z
      value: 0
      objectReference: {fileID: 0}
    - target: {fileID: 6395641422866870663, guid: 7f37b8877f7adc1478448e61f51ba5db, type: 3}
      propertyPath: m_LocalEulerAnglesHint.x
      value: 0
      objectReference: {fileID: 0}
    - target: {fileID: 6395641422866870663, guid: 7f37b8877f7adc1478448e61f51ba5db, type: 3}
      propertyPath: m_LocalEulerAnglesHint.y
      value: 0
      objectReference: {fileID: 0}
    - target: {fileID: 6395641422866870663, guid: 7f37b8877f7adc1478448e61f51ba5db, type: 3}
      propertyPath: m_LocalEulerAnglesHint.z
      value: 0
      objectReference: {fileID: 0}
    m_RemovedComponents: []
  m_SourcePrefab: {fileID: 100100000, guid: 7f37b8877f7adc1478448e61f51ba5db, type: 3}
--- !u!4 &6853945790556152590 stripped
Transform:
  m_CorrespondingSourceObject: {fileID: 6395641422866870663, guid: 7f37b8877f7adc1478448e61f51ba5db, type: 3}
  m_PrefabInstance: {fileID: 567447629938741897}
  m_PrefabAsset: {fileID: 0}
--- !u!1 &2035163652414451064 stripped
GameObject:
  m_CorrespondingSourceObject: {fileID: 2009062915651534833, guid: 7f37b8877f7adc1478448e61f51ba5db, type: 3}
  m_PrefabInstance: {fileID: 567447629938741897}
  m_PrefabAsset: {fileID: 0}
--- !u!1001 &941388726608764190
PrefabInstance:
  m_ObjectHideFlags: 0
  serializedVersion: 2
  m_Modification:
    m_TransformParent: {fileID: 3357720161412932007}
    m_Modifications:
    - target: {fileID: 4673612198529529615, guid: c8d104e8cc86ab540871e7c8a9d01224, type: 3}
      propertyPath: m_RootOrder
      value: 4
      objectReference: {fileID: 0}
    - target: {fileID: 4673612198529529615, guid: c8d104e8cc86ab540871e7c8a9d01224, type: 3}
      propertyPath: m_LocalPosition.x
      value: 0.1
      objectReference: {fileID: 0}
    - target: {fileID: 4673612198529529615, guid: c8d104e8cc86ab540871e7c8a9d01224, type: 3}
      propertyPath: m_LocalPosition.y
      value: 0.57
      objectReference: {fileID: 0}
    - target: {fileID: 4673612198529529615, guid: c8d104e8cc86ab540871e7c8a9d01224, type: 3}
      propertyPath: m_LocalPosition.z
      value: -0.387
      objectReference: {fileID: 0}
    - target: {fileID: 4673612198529529615, guid: c8d104e8cc86ab540871e7c8a9d01224, type: 3}
      propertyPath: m_LocalRotation.w
      value: 1
      objectReference: {fileID: 0}
    - target: {fileID: 4673612198529529615, guid: c8d104e8cc86ab540871e7c8a9d01224, type: 3}
      propertyPath: m_LocalRotation.x
      value: 0
      objectReference: {fileID: 0}
    - target: {fileID: 4673612198529529615, guid: c8d104e8cc86ab540871e7c8a9d01224, type: 3}
      propertyPath: m_LocalRotation.y
      value: 0
      objectReference: {fileID: 0}
    - target: {fileID: 4673612198529529615, guid: c8d104e8cc86ab540871e7c8a9d01224, type: 3}
      propertyPath: m_LocalRotation.z
      value: 0
      objectReference: {fileID: 0}
    - target: {fileID: 4673612198529529615, guid: c8d104e8cc86ab540871e7c8a9d01224, type: 3}
      propertyPath: m_LocalEulerAnglesHint.x
      value: 0
      objectReference: {fileID: 0}
    - target: {fileID: 4673612198529529615, guid: c8d104e8cc86ab540871e7c8a9d01224, type: 3}
      propertyPath: m_LocalEulerAnglesHint.y
      value: 0
      objectReference: {fileID: 0}
    - target: {fileID: 4673612198529529615, guid: c8d104e8cc86ab540871e7c8a9d01224, type: 3}
      propertyPath: m_LocalEulerAnglesHint.z
      value: 0
      objectReference: {fileID: 0}
    - target: {fileID: 4673612198529529648, guid: c8d104e8cc86ab540871e7c8a9d01224, type: 3}
      propertyPath: m_Name
      value: Box_3 (1)
      objectReference: {fileID: 0}
    m_RemovedComponents: []
  m_SourcePrefab: {fileID: 100100000, guid: c8d104e8cc86ab540871e7c8a9d01224, type: 3}
--- !u!4 &5605993656996227601 stripped
Transform:
  m_CorrespondingSourceObject: {fileID: 4673612198529529615, guid: c8d104e8cc86ab540871e7c8a9d01224, type: 3}
  m_PrefabInstance: {fileID: 941388726608764190}
  m_PrefabAsset: {fileID: 0}
--- !u!1 &4687425151009376342 stripped
GameObject:
  m_CorrespondingSourceObject: {fileID: 5484654656296047944, guid: c8d104e8cc86ab540871e7c8a9d01224, type: 3}
  m_PrefabInstance: {fileID: 941388726608764190}
  m_PrefabAsset: {fileID: 0}
--- !u!1001 &1541769183695496572
PrefabInstance:
  m_ObjectHideFlags: 0
  serializedVersion: 2
  m_Modification:
    m_TransformParent: {fileID: 0}
    m_Modifications:
    - target: {fileID: 5668082462200905261, guid: 8ede616cb01be9c488b5f817d548bb0d, type: 3}
      propertyPath: m_LocalPosition.x
      value: -1.89
      objectReference: {fileID: 0}
    - target: {fileID: 5806077431004687234, guid: 8ede616cb01be9c488b5f817d548bb0d, type: 3}
      propertyPath: m_Name
      value: Corridor_S7 Variant
      objectReference: {fileID: 0}
    - target: {fileID: 5807949931122015298, guid: 8ede616cb01be9c488b5f817d548bb0d, type: 3}
      propertyPath: m_RootOrder
      value: 0
      objectReference: {fileID: 0}
    - target: {fileID: 5807949931122015298, guid: 8ede616cb01be9c488b5f817d548bb0d, type: 3}
      propertyPath: m_LocalPosition.x
      value: 0
      objectReference: {fileID: 0}
    - target: {fileID: 5807949931122015298, guid: 8ede616cb01be9c488b5f817d548bb0d, type: 3}
      propertyPath: m_LocalPosition.y
      value: 0
      objectReference: {fileID: 0}
    - target: {fileID: 5807949931122015298, guid: 8ede616cb01be9c488b5f817d548bb0d, type: 3}
      propertyPath: m_LocalPosition.z
      value: -1
      objectReference: {fileID: 0}
    - target: {fileID: 5807949931122015298, guid: 8ede616cb01be9c488b5f817d548bb0d, type: 3}
      propertyPath: m_LocalRotation.w
      value: 1
      objectReference: {fileID: 0}
    - target: {fileID: 5807949931122015298, guid: 8ede616cb01be9c488b5f817d548bb0d, type: 3}
      propertyPath: m_LocalRotation.x
      value: 0
      objectReference: {fileID: 0}
    - target: {fileID: 5807949931122015298, guid: 8ede616cb01be9c488b5f817d548bb0d, type: 3}
      propertyPath: m_LocalRotation.y
      value: 0
      objectReference: {fileID: 0}
    - target: {fileID: 5807949931122015298, guid: 8ede616cb01be9c488b5f817d548bb0d, type: 3}
      propertyPath: m_LocalRotation.z
      value: 0
      objectReference: {fileID: 0}
    - target: {fileID: 5807949931122015298, guid: 8ede616cb01be9c488b5f817d548bb0d, type: 3}
      propertyPath: m_LocalEulerAnglesHint.x
      value: 0
      objectReference: {fileID: 0}
    - target: {fileID: 5807949931122015298, guid: 8ede616cb01be9c488b5f817d548bb0d, type: 3}
      propertyPath: m_LocalEulerAnglesHint.y
      value: 0
      objectReference: {fileID: 0}
    - target: {fileID: 5807949931122015298, guid: 8ede616cb01be9c488b5f817d548bb0d, type: 3}
      propertyPath: m_LocalEulerAnglesHint.z
      value: 0
      objectReference: {fileID: 0}
    m_RemovedComponents: []
  m_SourcePrefab: {fileID: 100100000, guid: 8ede616cb01be9c488b5f817d548bb0d, type: 3}
--- !u!4 &5043061090269288766 stripped
Transform:
  m_CorrespondingSourceObject: {fileID: 5807949931122015298, guid: 8ede616cb01be9c488b5f817d548bb0d, type: 3}
  m_PrefabInstance: {fileID: 1541769183695496572}
  m_PrefabAsset: {fileID: 0}
--- !u!1001 &2302124096229104842
PrefabInstance:
  m_ObjectHideFlags: 0
  serializedVersion: 2
  m_Modification:
    m_TransformParent: {fileID: 3357720161412932007}
    m_Modifications:
    - target: {fileID: 5000208982451572689, guid: 7f37b8877f7adc1478448e61f51ba5db, type: 3}
      propertyPath: m_Name
      value: Box_1 (2)
      objectReference: {fileID: 0}
    - target: {fileID: 6395641422866870663, guid: 7f37b8877f7adc1478448e61f51ba5db, type: 3}
      propertyPath: m_RootOrder
      value: 5
      objectReference: {fileID: 0}
    - target: {fileID: 6395641422866870663, guid: 7f37b8877f7adc1478448e61f51ba5db, type: 3}
      propertyPath: m_LocalScale.x
      value: 1.5
      objectReference: {fileID: 0}
    - target: {fileID: 6395641422866870663, guid: 7f37b8877f7adc1478448e61f51ba5db, type: 3}
      propertyPath: m_LocalScale.y
      value: 1.5
      objectReference: {fileID: 0}
    - target: {fileID: 6395641422866870663, guid: 7f37b8877f7adc1478448e61f51ba5db, type: 3}
      propertyPath: m_LocalScale.z
      value: 2
      objectReference: {fileID: 0}
    - target: {fileID: 6395641422866870663, guid: 7f37b8877f7adc1478448e61f51ba5db, type: 3}
      propertyPath: m_LocalPosition.x
      value: -0.222
      objectReference: {fileID: 0}
    - target: {fileID: 6395641422866870663, guid: 7f37b8877f7adc1478448e61f51ba5db, type: 3}
      propertyPath: m_LocalPosition.y
      value: 0.184
      objectReference: {fileID: 0}
    - target: {fileID: 6395641422866870663, guid: 7f37b8877f7adc1478448e61f51ba5db, type: 3}
      propertyPath: m_LocalPosition.z
      value: -0.385
      objectReference: {fileID: 0}
    - target: {fileID: 6395641422866870663, guid: 7f37b8877f7adc1478448e61f51ba5db, type: 3}
      propertyPath: m_LocalRotation.w
      value: 1
      objectReference: {fileID: 0}
    - target: {fileID: 6395641422866870663, guid: 7f37b8877f7adc1478448e61f51ba5db, type: 3}
      propertyPath: m_LocalRotation.x
      value: 0
      objectReference: {fileID: 0}
    - target: {fileID: 6395641422866870663, guid: 7f37b8877f7adc1478448e61f51ba5db, type: 3}
      propertyPath: m_LocalRotation.y
      value: 0
      objectReference: {fileID: 0}
    - target: {fileID: 6395641422866870663, guid: 7f37b8877f7adc1478448e61f51ba5db, type: 3}
      propertyPath: m_LocalRotation.z
      value: 0
      objectReference: {fileID: 0}
    - target: {fileID: 6395641422866870663, guid: 7f37b8877f7adc1478448e61f51ba5db, type: 3}
      propertyPath: m_LocalEulerAnglesHint.x
      value: 0
      objectReference: {fileID: 0}
    - target: {fileID: 6395641422866870663, guid: 7f37b8877f7adc1478448e61f51ba5db, type: 3}
      propertyPath: m_LocalEulerAnglesHint.y
      value: 0
      objectReference: {fileID: 0}
    - target: {fileID: 6395641422866870663, guid: 7f37b8877f7adc1478448e61f51ba5db, type: 3}
      propertyPath: m_LocalEulerAnglesHint.z
      value: 0
      objectReference: {fileID: 0}
    m_RemovedComponents: []
  m_SourcePrefab: {fileID: 100100000, guid: 7f37b8877f7adc1478448e61f51ba5db, type: 3}
--- !u!4 &5130488750477585741 stripped
Transform:
  m_CorrespondingSourceObject: {fileID: 6395641422866870663, guid: 7f37b8877f7adc1478448e61f51ba5db, type: 3}
  m_PrefabInstance: {fileID: 2302124096229104842}
  m_PrefabAsset: {fileID: 0}
--- !u!1 &293694643232285499 stripped
GameObject:
  m_CorrespondingSourceObject: {fileID: 2009062915651534833, guid: 7f37b8877f7adc1478448e61f51ba5db, type: 3}
  m_PrefabInstance: {fileID: 2302124096229104842}
  m_PrefabAsset: {fileID: 0}
--- !u!1001 &4428772725397197545
PrefabInstance:
  m_ObjectHideFlags: 0
  serializedVersion: 2
  m_Modification:
    m_TransformParent: {fileID: 3357720161412932007}
    m_Modifications:
    - target: {fileID: 4673612198529529615, guid: c8d104e8cc86ab540871e7c8a9d01224, type: 3}
      propertyPath: m_RootOrder
      value: 2
      objectReference: {fileID: 0}
    - target: {fileID: 4673612198529529615, guid: c8d104e8cc86ab540871e7c8a9d01224, type: 3}
      propertyPath: m_LocalPosition.x
      value: 0.23
      objectReference: {fileID: 0}
    - target: {fileID: 4673612198529529615, guid: c8d104e8cc86ab540871e7c8a9d01224, type: 3}
      propertyPath: m_LocalPosition.y
      value: 0.679
      objectReference: {fileID: 0}
    - target: {fileID: 4673612198529529615, guid: c8d104e8cc86ab540871e7c8a9d01224, type: 3}
      propertyPath: m_LocalPosition.z
      value: 0.031
      objectReference: {fileID: 0}
    - target: {fileID: 4673612198529529615, guid: c8d104e8cc86ab540871e7c8a9d01224, type: 3}
      propertyPath: m_LocalRotation.w
      value: 1
      objectReference: {fileID: 0}
    - target: {fileID: 4673612198529529615, guid: c8d104e8cc86ab540871e7c8a9d01224, type: 3}
      propertyPath: m_LocalRotation.x
      value: 0
      objectReference: {fileID: 0}
    - target: {fileID: 4673612198529529615, guid: c8d104e8cc86ab540871e7c8a9d01224, type: 3}
      propertyPath: m_LocalRotation.y
      value: 0
      objectReference: {fileID: 0}
    - target: {fileID: 4673612198529529615, guid: c8d104e8cc86ab540871e7c8a9d01224, type: 3}
      propertyPath: m_LocalRotation.z
      value: 0
      objectReference: {fileID: 0}
    - target: {fileID: 4673612198529529615, guid: c8d104e8cc86ab540871e7c8a9d01224, type: 3}
      propertyPath: m_LocalEulerAnglesHint.x
      value: 0
      objectReference: {fileID: 0}
    - target: {fileID: 4673612198529529615, guid: c8d104e8cc86ab540871e7c8a9d01224, type: 3}
      propertyPath: m_LocalEulerAnglesHint.y
      value: 0
      objectReference: {fileID: 0}
    - target: {fileID: 4673612198529529615, guid: c8d104e8cc86ab540871e7c8a9d01224, type: 3}
      propertyPath: m_LocalEulerAnglesHint.z
      value: 0
      objectReference: {fileID: 0}
    - target: {fileID: 4673612198529529648, guid: c8d104e8cc86ab540871e7c8a9d01224, type: 3}
      propertyPath: m_Name
      value: Box_3
      objectReference: {fileID: 0}
    m_RemovedComponents: []
  m_SourcePrefab: {fileID: 100100000, guid: c8d104e8cc86ab540871e7c8a9d01224, type: 3}
--- !u!4 &9055094926667539942 stripped
Transform:
  m_CorrespondingSourceObject: {fileID: 4673612198529529615, guid: c8d104e8cc86ab540871e7c8a9d01224, type: 3}
  m_PrefabInstance: {fileID: 4428772725397197545}
  m_PrefabAsset: {fileID: 0}
--- !u!1 &8172697475435120545 stripped
GameObject:
  m_CorrespondingSourceObject: {fileID: 5484654656296047944, guid: c8d104e8cc86ab540871e7c8a9d01224, type: 3}
  m_PrefabInstance: {fileID: 4428772725397197545}
  m_PrefabAsset: {fileID: 0}
--- !u!1001 &5227741083261546594
PrefabInstance:
  m_ObjectHideFlags: 0
  serializedVersion: 2
  m_Modification:
    m_TransformParent: {fileID: 3357720161412932007}
    m_Modifications:
    - target: {fileID: 1933297280396201637, guid: 953158c0bcaac2542b8d951b194a804b, type: 3}
      propertyPath: m_Name
      value: Box_2
      objectReference: {fileID: 0}
    - target: {fileID: 1933297280396201638, guid: 953158c0bcaac2542b8d951b194a804b, type: 3}
      propertyPath: m_RootOrder
      value: 1
      objectReference: {fileID: 0}
    - target: {fileID: 1933297280396201638, guid: 953158c0bcaac2542b8d951b194a804b, type: 3}
      propertyPath: m_LocalScale.x
      value: 1
      objectReference: {fileID: 0}
    - target: {fileID: 1933297280396201638, guid: 953158c0bcaac2542b8d951b194a804b, type: 3}
      propertyPath: m_LocalScale.y
      value: 1.5
      objectReference: {fileID: 0}
    - target: {fileID: 1933297280396201638, guid: 953158c0bcaac2542b8d951b194a804b, type: 3}
      propertyPath: m_LocalScale.z
      value: 1
      objectReference: {fileID: 0}
    - target: {fileID: 1933297280396201638, guid: 953158c0bcaac2542b8d951b194a804b, type: 3}
      propertyPath: m_LocalPosition.x
      value: 0.498
      objectReference: {fileID: 0}
    - target: {fileID: 1933297280396201638, guid: 953158c0bcaac2542b8d951b194a804b, type: 3}
      propertyPath: m_LocalPosition.y
      value: 0.241
      objectReference: {fileID: 0}
    - target: {fileID: 1933297280396201638, guid: 953158c0bcaac2542b8d951b194a804b, type: 3}
      propertyPath: m_LocalPosition.z
      value: -0.134
      objectReference: {fileID: 0}
    - target: {fileID: 1933297280396201638, guid: 953158c0bcaac2542b8d951b194a804b, type: 3}
      propertyPath: m_LocalRotation.w
      value: 1
      objectReference: {fileID: 0}
    - target: {fileID: 1933297280396201638, guid: 953158c0bcaac2542b8d951b194a804b, type: 3}
      propertyPath: m_LocalRotation.x
      value: 0
      objectReference: {fileID: 0}
    - target: {fileID: 1933297280396201638, guid: 953158c0bcaac2542b8d951b194a804b, type: 3}
      propertyPath: m_LocalRotation.y
      value: 0
      objectReference: {fileID: 0}
    - target: {fileID: 1933297280396201638, guid: 953158c0bcaac2542b8d951b194a804b, type: 3}
      propertyPath: m_LocalRotation.z
      value: 0
      objectReference: {fileID: 0}
    - target: {fileID: 1933297280396201638, guid: 953158c0bcaac2542b8d951b194a804b, type: 3}
      propertyPath: m_LocalEulerAnglesHint.x
      value: 0
      objectReference: {fileID: 0}
    - target: {fileID: 1933297280396201638, guid: 953158c0bcaac2542b8d951b194a804b, type: 3}
      propertyPath: m_LocalEulerAnglesHint.y
      value: 0
      objectReference: {fileID: 0}
    - target: {fileID: 1933297280396201638, guid: 953158c0bcaac2542b8d951b194a804b, type: 3}
      propertyPath: m_LocalEulerAnglesHint.z
      value: 0
      objectReference: {fileID: 0}
    m_RemovedComponents: []
  m_SourcePrefab: {fileID: 100100000, guid: 953158c0bcaac2542b8d951b194a804b, type: 3}
--- !u!4 &5933731598862892740 stripped
Transform:
  m_CorrespondingSourceObject: {fileID: 1933297280396201638, guid: 953158c0bcaac2542b8d951b194a804b, type: 3}
  m_PrefabInstance: {fileID: 5227741083261546594}
  m_PrefabAsset: {fileID: 0}
--- !u!1 &6816673723888207285 stripped
GameObject:
  m_CorrespondingSourceObject: {fileID: 1591207128656098775, guid: 953158c0bcaac2542b8d951b194a804b, type: 3}
  m_PrefabInstance: {fileID: 5227741083261546594}
  m_PrefabAsset: {fileID: 0}
--- !u!1001 &7875355514759076342
PrefabInstance:
  m_ObjectHideFlags: 0
  serializedVersion: 2
  m_Modification:
    m_TransformParent: {fileID: 3357720161412932007}
    m_Modifications:
    - target: {fileID: 5000208982451572689, guid: 7f37b8877f7adc1478448e61f51ba5db, type: 3}
      propertyPath: m_Name
      value: Box_1 (1)
      objectReference: {fileID: 0}
    - target: {fileID: 6395641422866870663, guid: 7f37b8877f7adc1478448e61f51ba5db, type: 3}
      propertyPath: m_RootOrder
      value: 3
      objectReference: {fileID: 0}
    - target: {fileID: 6395641422866870663, guid: 7f37b8877f7adc1478448e61f51ba5db, type: 3}
      propertyPath: m_LocalScale.x
      value: 1.5
      objectReference: {fileID: 0}
    - target: {fileID: 6395641422866870663, guid: 7f37b8877f7adc1478448e61f51ba5db, type: 3}
      propertyPath: m_LocalScale.y
      value: 1.5
      objectReference: {fileID: 0}
    - target: {fileID: 6395641422866870663, guid: 7f37b8877f7adc1478448e61f51ba5db, type: 3}
      propertyPath: m_LocalScale.z
      value: 2
      objectReference: {fileID: 0}
    - target: {fileID: 6395641422866870663, guid: 7f37b8877f7adc1478448e61f51ba5db, type: 3}
      propertyPath: m_LocalPosition.x
      value: 0.3
      objectReference: {fileID: 0}
    - target: {fileID: 6395641422866870663, guid: 7f37b8877f7adc1478448e61f51ba5db, type: 3}
      propertyPath: m_LocalPosition.y
      value: 0.184
      objectReference: {fileID: 0}
    - target: {fileID: 6395641422866870663, guid: 7f37b8877f7adc1478448e61f51ba5db, type: 3}
      propertyPath: m_LocalPosition.z
      value: -0.48
      objectReference: {fileID: 0}
    - target: {fileID: 6395641422866870663, guid: 7f37b8877f7adc1478448e61f51ba5db, type: 3}
      propertyPath: m_LocalRotation.w
      value: 1
      objectReference: {fileID: 0}
    - target: {fileID: 6395641422866870663, guid: 7f37b8877f7adc1478448e61f51ba5db, type: 3}
      propertyPath: m_LocalRotation.x
      value: 0
      objectReference: {fileID: 0}
    - target: {fileID: 6395641422866870663, guid: 7f37b8877f7adc1478448e61f51ba5db, type: 3}
      propertyPath: m_LocalRotation.y
      value: 0
      objectReference: {fileID: 0}
    - target: {fileID: 6395641422866870663, guid: 7f37b8877f7adc1478448e61f51ba5db, type: 3}
      propertyPath: m_LocalRotation.z
      value: 0
      objectReference: {fileID: 0}
    - target: {fileID: 6395641422866870663, guid: 7f37b8877f7adc1478448e61f51ba5db, type: 3}
      propertyPath: m_LocalEulerAnglesHint.x
      value: 0
      objectReference: {fileID: 0}
    - target: {fileID: 6395641422866870663, guid: 7f37b8877f7adc1478448e61f51ba5db, type: 3}
      propertyPath: m_LocalEulerAnglesHint.y
      value: 0
      objectReference: {fileID: 0}
    - target: {fileID: 6395641422866870663, guid: 7f37b8877f7adc1478448e61f51ba5db, type: 3}
      propertyPath: m_LocalEulerAnglesHint.z
      value: 0
      objectReference: {fileID: 0}
    m_RemovedComponents: []
  m_SourcePrefab: {fileID: 100100000, guid: 7f37b8877f7adc1478448e61f51ba5db, type: 3}
--- !u!4 &3858181768827906161 stripped
Transform:
  m_CorrespondingSourceObject: {fileID: 6395641422866870663, guid: 7f37b8877f7adc1478448e61f51ba5db, type: 3}
  m_PrefabInstance: {fileID: 7875355514759076342}
  m_PrefabAsset: {fileID: 0}
--- !u!1 &8551000946664089095 stripped
GameObject:
  m_CorrespondingSourceObject: {fileID: 2009062915651534833, guid: 7f37b8877f7adc1478448e61f51ba5db, type: 3}
  m_PrefabInstance: {fileID: 7875355514759076342}
  m_PrefabAsset: {fileID: 0}
