%YAML 1.1
%TAG !u! tag:unity3d.com,2011:
--- !u!54 &2035086541654554240
Rigidbody:
  m_ObjectHideFlags: 0
  m_CorrespondingSourceObject: {fileID: 0}
  m_PrefabInstance: {fileID: 0}
  m_PrefabAsset: {fileID: 0}
  m_GameObject: {fileID: 181993243112254842}
  serializedVersion: 2
  m_Mass: 0.2
  m_Drag: 0
  m_AngularDrag: 0.05
  m_UseGravity: 1
  m_IsKinematic: 0
  m_Interpolate: 0
  m_Constraints: 0
  m_CollisionDetection: 0
--- !u!54 &2661827904243113736
Rigidbody:
  m_ObjectHideFlags: 0
  m_CorrespondingSourceObject: {fileID: 0}
  m_PrefabInstance: {fileID: 0}
  m_PrefabAsset: {fileID: 0}
  m_GameObject: {fileID: 7905433484290421243}
  serializedVersion: 2
  m_Mass: 0.2
  m_Drag: 0
  m_AngularDrag: 0.05
  m_UseGravity: 1
  m_IsKinematic: 0
  m_Interpolate: 0
  m_Constraints: 0
  m_CollisionDetection: 0
--- !u!1 &3190976926421020324
GameObject:
  m_ObjectHideFlags: 0
  m_CorrespondingSourceObject: {fileID: 0}
  m_PrefabInstance: {fileID: 0}
  m_PrefabAsset: {fileID: 0}
  serializedVersion: 6
  m_Component:
  - component: {fileID: 5668082462200905261}
  - component: {fileID: 5839789658152931662}
  m_Layer: 0
  m_Name: Barrier
  m_TagString: Enemy
  m_Icon: {fileID: 0}
  m_NavMeshLayer: 0
  m_StaticEditorFlags: 0
  m_IsActive: 1
--- !u!4 &5668082462200905261
Transform:
  m_ObjectHideFlags: 0
  m_CorrespondingSourceObject: {fileID: 0}
  m_PrefabInstance: {fileID: 0}
  m_PrefabAsset: {fileID: 0}
  m_GameObject: {fileID: 3190976926421020324}
  m_LocalRotation: {x: 0, y: 0, z: 0, w: 1}
  m_LocalPosition: {x: -0.14, y: 0, z: 6.95}
  m_LocalScale: {x: 1, y: 1, z: 1}
  m_Children:
  - {fileID: 4730697213744456460}
  - {fileID: 2642890338705740380}
  - {fileID: 7022470879965926332}
  - {fileID: 1161753804797316479}
  - {fileID: 2054517379256280045}
  - {fileID: 8398131459436658982}
  m_Father: {fileID: 5807949931122015298}
  m_RootOrder: 21
  m_LocalEulerAnglesHint: {x: 0, y: 0, z: 0}
--- !u!65 &5839789658152931662
BoxCollider:
  m_ObjectHideFlags: 0
  m_CorrespondingSourceObject: {fileID: 0}
  m_PrefabInstance: {fileID: 0}
  m_PrefabAsset: {fileID: 0}
  m_GameObject: {fileID: 3190976926421020324}
  m_Material: {fileID: 0}
  m_IsTrigger: 1
  m_Enabled: 1
  serializedVersion: 2
  m_Size: {x: 1, y: 2, z: 0.5}
  m_Center: {x: 0, y: 0, z: 0}
--- !u!54 &6908825524176760993
Rigidbody:
  m_ObjectHideFlags: 0
  m_CorrespondingSourceObject: {fileID: 0}
  m_PrefabInstance: {fileID: 0}
  m_PrefabAsset: {fileID: 0}
  m_GameObject: {fileID: 4011697915957366608}
  serializedVersion: 2
  m_Mass: 0.2
  m_Drag: 0
  m_AngularDrag: 0.05
  m_UseGravity: 1
  m_IsKinematic: 0
  m_Interpolate: 0
  m_Constraints: 0
  m_CollisionDetection: 0
--- !u!54 &7262035238346378865
Rigidbody:
  m_ObjectHideFlags: 0
  m_CorrespondingSourceObject: {fileID: 0}
  m_PrefabInstance: {fileID: 0}
  m_PrefabAsset: {fileID: 0}
  m_GameObject: {fileID: 2912710839108446509}
  serializedVersion: 2
  m_Mass: 0.2
  m_Drag: 0
  m_AngularDrag: 0.05
  m_UseGravity: 1
  m_IsKinematic: 0
  m_Interpolate: 0
  m_Constraints: 0
  m_CollisionDetection: 0
--- !u!54 &293586677853295587
Rigidbody:
  m_ObjectHideFlags: 0
  m_CorrespondingSourceObject: {fileID: 0}
  m_PrefabInstance: {fileID: 0}
  m_PrefabAsset: {fileID: 0}
  m_GameObject: {fileID: 5998549516749767433}
  serializedVersion: 2
  m_Mass: 0.2
  m_Drag: 0
  m_AngularDrag: 0.05
  m_UseGravity: 1
  m_IsKinematic: 0
  m_Interpolate: 0
  m_Constraints: 0
  m_CollisionDetection: 0
--- !u!54 &7961023979388538103
Rigidbody:
  m_ObjectHideFlags: 0
  m_CorrespondingSourceObject: {fileID: 0}
  m_PrefabInstance: {fileID: 0}
  m_PrefabAsset: {fileID: 0}
  m_GameObject: {fileID: 1171628021125267882}
  serializedVersion: 2
  m_Mass: 0.2
  m_Drag: 0
  m_AngularDrag: 0.05
  m_UseGravity: 1
  m_IsKinematic: 0
  m_Interpolate: 0
  m_Constraints: 0
  m_CollisionDetection: 0
--- !u!1001 &1830486681047519883
PrefabInstance:
  m_ObjectHideFlags: 0
  serializedVersion: 2
  m_Modification:
    m_TransformParent: {fileID: 5668082462200905261}
    m_Modifications:
    - target: {fileID: 5000208982451572689, guid: 7f37b8877f7adc1478448e61f51ba5db, type: 3}
      propertyPath: m_Name
      value: Box_1
      objectReference: {fileID: 0}
    - target: {fileID: 6395641422866870663, guid: 7f37b8877f7adc1478448e61f51ba5db, type: 3}
      propertyPath: m_RootOrder
      value: 0
      objectReference: {fileID: 0}
    - target: {fileID: 6395641422866870663, guid: 7f37b8877f7adc1478448e61f51ba5db, type: 3}
      propertyPath: m_LocalScale.x
      value: 2
      objectReference: {fileID: 0}
    - target: {fileID: 6395641422866870663, guid: 7f37b8877f7adc1478448e61f51ba5db, type: 3}
      propertyPath: m_LocalScale.y
      value: 2
      objectReference: {fileID: 0}
    - target: {fileID: 6395641422866870663, guid: 7f37b8877f7adc1478448e61f51ba5db, type: 3}
      propertyPath: m_LocalScale.z
      value: 2
      objectReference: {fileID: 0}
    - target: {fileID: 6395641422866870663, guid: 7f37b8877f7adc1478448e61f51ba5db, type: 3}
      propertyPath: m_LocalPosition.x
      value: 0
      objectReference: {fileID: 0}
    - target: {fileID: 6395641422866870663, guid: 7f37b8877f7adc1478448e61f51ba5db, type: 3}
      propertyPath: m_LocalPosition.y
      value: 0.255
      objectReference: {fileID: 0}
    - target: {fileID: 6395641422866870663, guid: 7f37b8877f7adc1478448e61f51ba5db, type: 3}
      propertyPath: m_LocalPosition.z
      value: 0
      objectReference: {fileID: 0}
    - target: {fileID: 6395641422866870663, guid: 7f37b8877f7adc1478448e61f51ba5db, type: 3}
      propertyPath: m_LocalRotation.w
      value: 1
      objectReference: {fileID: 0}
    - target: {fileID: 6395641422866870663, guid: 7f37b8877f7adc1478448e61f51ba5db, type: 3}
      propertyPath: m_LocalRotation.x
      value: 0
      objectReference: {fileID: 0}
    - target: {fileID: 6395641422866870663, guid: 7f37b8877f7adc1478448e61f51ba5db, type: 3}
      propertyPath: m_LocalRotation.y
      value: 0
      objectReference: {fileID: 0}
    - target: {fileID: 6395641422866870663, guid: 7f37b8877f7adc1478448e61f51ba5db, type: 3}
      propertyPath: m_LocalRotation.z
      value: 0
      objectReference: {fileID: 0}
    - target: {fileID: 6395641422866870663, guid: 7f37b8877f7adc1478448e61f51ba5db, type: 3}
      propertyPath: m_LocalEulerAnglesHint.x
      value: 0
      objectReference: {fileID: 0}
    - target: {fileID: 6395641422866870663, guid: 7f37b8877f7adc1478448e61f51ba5db, type: 3}
      propertyPath: m_LocalEulerAnglesHint.y
      value: 0
      objectReference: {fileID: 0}
    - target: {fileID: 6395641422866870663, guid: 7f37b8877f7adc1478448e61f51ba5db, type: 3}
      propertyPath: m_LocalEulerAnglesHint.z
      value: 0
      objectReference: {fileID: 0}
    m_RemovedComponents: []
  m_SourcePrefab: {fileID: 100100000, guid: 7f37b8877f7adc1478448e61f51ba5db, type: 3}
--- !u!4 &4730697213744456460 stripped
Transform:
  m_CorrespondingSourceObject: {fileID: 6395641422866870663, guid: 7f37b8877f7adc1478448e61f51ba5db, type: 3}
  m_PrefabInstance: {fileID: 1830486681047519883}
  m_PrefabAsset: {fileID: 0}
--- !u!1 &181993243112254842 stripped
GameObject:
  m_CorrespondingSourceObject: {fileID: 2009062915651534833, guid: 7f37b8877f7adc1478448e61f51ba5db, type: 3}
  m_PrefabInstance: {fileID: 1830486681047519883}
  m_PrefabAsset: {fileID: 0}
--- !u!1001 &2425423176657544371
PrefabInstance:
  m_ObjectHideFlags: 0
  serializedVersion: 2
  m_Modification:
    m_TransformParent: {fileID: 5668082462200905261}
    m_Modifications:
    - target: {fileID: 4673612198529529615, guid: c8d104e8cc86ab540871e7c8a9d01224, type: 3}
      propertyPath: m_RootOrder
      value: 2
      objectReference: {fileID: 0}
    - target: {fileID: 4673612198529529615, guid: c8d104e8cc86ab540871e7c8a9d01224, type: 3}
      propertyPath: m_LocalPosition.x
      value: 0.23
      objectReference: {fileID: 0}
    - target: {fileID: 4673612198529529615, guid: c8d104e8cc86ab540871e7c8a9d01224, type: 3}
      propertyPath: m_LocalPosition.y
      value: 0.679
      objectReference: {fileID: 0}
    - target: {fileID: 4673612198529529615, guid: c8d104e8cc86ab540871e7c8a9d01224, type: 3}
      propertyPath: m_LocalPosition.z
      value: 0.031
      objectReference: {fileID: 0}
    - target: {fileID: 4673612198529529615, guid: c8d104e8cc86ab540871e7c8a9d01224, type: 3}
      propertyPath: m_LocalRotation.w
      value: 1
      objectReference: {fileID: 0}
    - target: {fileID: 4673612198529529615, guid: c8d104e8cc86ab540871e7c8a9d01224, type: 3}
      propertyPath: m_LocalRotation.x
      value: 0
      objectReference: {fileID: 0}
    - target: {fileID: 4673612198529529615, guid: c8d104e8cc86ab540871e7c8a9d01224, type: 3}
      propertyPath: m_LocalRotation.y
      value: 0
      objectReference: {fileID: 0}
    - target: {fileID: 4673612198529529615, guid: c8d104e8cc86ab540871e7c8a9d01224, type: 3}
      propertyPath: m_LocalRotation.z
      value: 0
      objectReference: {fileID: 0}
    - target: {fileID: 4673612198529529615, guid: c8d104e8cc86ab540871e7c8a9d01224, type: 3}
      propertyPath: m_LocalEulerAnglesHint.x
      value: 0
      objectReference: {fileID: 0}
    - target: {fileID: 4673612198529529615, guid: c8d104e8cc86ab540871e7c8a9d01224, type: 3}
      propertyPath: m_LocalEulerAnglesHint.y
      value: 0
      objectReference: {fileID: 0}
    - target: {fileID: 4673612198529529615, guid: c8d104e8cc86ab540871e7c8a9d01224, type: 3}
      propertyPath: m_LocalEulerAnglesHint.z
      value: 0
      objectReference: {fileID: 0}
    - target: {fileID: 4673612198529529648, guid: c8d104e8cc86ab540871e7c8a9d01224, type: 3}
      propertyPath: m_Name
      value: Box_3
      objectReference: {fileID: 0}
    m_RemovedComponents: []
  m_SourcePrefab: {fileID: 100100000, guid: c8d104e8cc86ab540871e7c8a9d01224, type: 3}
--- !u!4 &7022470879965926332 stripped
Transform:
  m_CorrespondingSourceObject: {fileID: 4673612198529529615, guid: c8d104e8cc86ab540871e7c8a9d01224, type: 3}
  m_PrefabInstance: {fileID: 2425423176657544371}
  m_PrefabAsset: {fileID: 0}
--- !u!1 &7905433484290421243 stripped
GameObject:
  m_CorrespondingSourceObject: {fileID: 5484654656296047944, guid: c8d104e8cc86ab540871e7c8a9d01224, type: 3}
  m_PrefabInstance: {fileID: 2425423176657544371}
  m_PrefabAsset: {fileID: 0}
--- !u!1001 &3192429726861996193
PrefabInstance:
  m_ObjectHideFlags: 0
  serializedVersion: 2
  m_Modification:
    m_TransformParent: {fileID: 5668082462200905261}
    m_Modifications:
    - target: {fileID: 5000208982451572689, guid: 7f37b8877f7adc1478448e61f51ba5db, type: 3}
      propertyPath: m_Name
      value: Box_1 (2)
      objectReference: {fileID: 0}
    - target: {fileID: 6395641422866870663, guid: 7f37b8877f7adc1478448e61f51ba5db, type: 3}
      propertyPath: m_RootOrder
      value: 5
      objectReference: {fileID: 0}
    - target: {fileID: 6395641422866870663, guid: 7f37b8877f7adc1478448e61f51ba5db, type: 3}
      propertyPath: m_LocalScale.x
      value: 1.5
      objectReference: {fileID: 0}
    - target: {fileID: 6395641422866870663, guid: 7f37b8877f7adc1478448e61f51ba5db, type: 3}
      propertyPath: m_LocalScale.y
      value: 1.5
      objectReference: {fileID: 0}
    - target: {fileID: 6395641422866870663, guid: 7f37b8877f7adc1478448e61f51ba5db, type: 3}
      propertyPath: m_LocalScale.z
      value: 2
      objectReference: {fileID: 0}
    - target: {fileID: 6395641422866870663, guid: 7f37b8877f7adc1478448e61f51ba5db, type: 3}
      propertyPath: m_LocalPosition.x
      value: -0.222
      objectReference: {fileID: 0}
    - target: {fileID: 6395641422866870663, guid: 7f37b8877f7adc1478448e61f51ba5db, type: 3}
      propertyPath: m_LocalPosition.y
      value: 0.184
      objectReference: {fileID: 0}
    - target: {fileID: 6395641422866870663, guid: 7f37b8877f7adc1478448e61f51ba5db, type: 3}
      propertyPath: m_LocalPosition.z
      value: -0.385
      objectReference: {fileID: 0}
    - target: {fileID: 6395641422866870663, guid: 7f37b8877f7adc1478448e61f51ba5db, type: 3}
      propertyPath: m_LocalRotation.w
      value: 1
      objectReference: {fileID: 0}
    - target: {fileID: 6395641422866870663, guid: 7f37b8877f7adc1478448e61f51ba5db, type: 3}
      propertyPath: m_LocalRotation.x
      value: 0
      objectReference: {fileID: 0}
    - target: {fileID: 6395641422866870663, guid: 7f37b8877f7adc1478448e61f51ba5db, type: 3}
      propertyPath: m_LocalRotation.y
      value: 0
      objectReference: {fileID: 0}
    - target: {fileID: 6395641422866870663, guid: 7f37b8877f7adc1478448e61f51ba5db, type: 3}
      propertyPath: m_LocalRotation.z
      value: 0
      objectReference: {fileID: 0}
    - target: {fileID: 6395641422866870663, guid: 7f37b8877f7adc1478448e61f51ba5db, type: 3}
      propertyPath: m_LocalEulerAnglesHint.x
      value: 0
      objectReference: {fileID: 0}
    - target: {fileID: 6395641422866870663, guid: 7f37b8877f7adc1478448e61f51ba5db, type: 3}
      propertyPath: m_LocalEulerAnglesHint.y
      value: 0
      objectReference: {fileID: 0}
    - target: {fileID: 6395641422866870663, guid: 7f37b8877f7adc1478448e61f51ba5db, type: 3}
      propertyPath: m_LocalEulerAnglesHint.z
      value: 0
      objectReference: {fileID: 0}
    m_RemovedComponents: []
  m_SourcePrefab: {fileID: 100100000, guid: 7f37b8877f7adc1478448e61f51ba5db, type: 3}
--- !u!4 &8398131459436658982 stripped
Transform:
  m_CorrespondingSourceObject: {fileID: 6395641422866870663, guid: 7f37b8877f7adc1478448e61f51ba5db, type: 3}
  m_PrefabInstance: {fileID: 3192429726861996193}
  m_PrefabAsset: {fileID: 0}
--- !u!1 &4011697915957366608 stripped
GameObject:
  m_CorrespondingSourceObject: {fileID: 2009062915651534833, guid: 7f37b8877f7adc1478448e61f51ba5db, type: 3}
  m_PrefabInstance: {fileID: 3192429726861996193}
  m_PrefabAsset: {fileID: 0}
--- !u!1001 &4501661602866568442
PrefabInstance:
  m_ObjectHideFlags: 0
  serializedVersion: 2
  m_Modification:
    m_TransformParent: {fileID: 5668082462200905261}
    m_Modifications:
    - target: {fileID: 1933297280396201637, guid: 953158c0bcaac2542b8d951b194a804b, type: 3}
      propertyPath: m_Name
      value: Box_2
      objectReference: {fileID: 0}
    - target: {fileID: 1933297280396201638, guid: 953158c0bcaac2542b8d951b194a804b, type: 3}
      propertyPath: m_RootOrder
      value: 1
      objectReference: {fileID: 0}
    - target: {fileID: 1933297280396201638, guid: 953158c0bcaac2542b8d951b194a804b, type: 3}
      propertyPath: m_LocalScale.x
      value: 1
      objectReference: {fileID: 0}
    - target: {fileID: 1933297280396201638, guid: 953158c0bcaac2542b8d951b194a804b, type: 3}
      propertyPath: m_LocalScale.y
      value: 1.5
      objectReference: {fileID: 0}
    - target: {fileID: 1933297280396201638, guid: 953158c0bcaac2542b8d951b194a804b, type: 3}
      propertyPath: m_LocalScale.z
      value: 1
      objectReference: {fileID: 0}
    - target: {fileID: 1933297280396201638, guid: 953158c0bcaac2542b8d951b194a804b, type: 3}
      propertyPath: m_LocalPosition.x
      value: 0.498
      objectReference: {fileID: 0}
    - target: {fileID: 1933297280396201638, guid: 953158c0bcaac2542b8d951b194a804b, type: 3}
      propertyPath: m_LocalPosition.y
      value: 0.241
      objectReference: {fileID: 0}
    - target: {fileID: 1933297280396201638, guid: 953158c0bcaac2542b8d951b194a804b, type: 3}
      propertyPath: m_LocalPosition.z
      value: -0.134
      objectReference: {fileID: 0}
    - target: {fileID: 1933297280396201638, guid: 953158c0bcaac2542b8d951b194a804b, type: 3}
      propertyPath: m_LocalRotation.w
      value: 1
      objectReference: {fileID: 0}
    - target: {fileID: 1933297280396201638, guid: 953158c0bcaac2542b8d951b194a804b, type: 3}
      propertyPath: m_LocalRotation.x
      value: 0
      objectReference: {fileID: 0}
    - target: {fileID: 1933297280396201638, guid: 953158c0bcaac2542b8d951b194a804b, type: 3}
      propertyPath: m_LocalRotation.y
      value: 0
      objectReference: {fileID: 0}
    - target: {fileID: 1933297280396201638, guid: 953158c0bcaac2542b8d951b194a804b, type: 3}
      propertyPath: m_LocalRotation.z
      value: 0
      objectReference: {fileID: 0}
    - target: {fileID: 1933297280396201638, guid: 953158c0bcaac2542b8d951b194a804b, type: 3}
      propertyPath: m_LocalEulerAnglesHint.x
      value: 0
      objectReference: {fileID: 0}
    - target: {fileID: 1933297280396201638, guid: 953158c0bcaac2542b8d951b194a804b, type: 3}
      propertyPath: m_LocalEulerAnglesHint.y
      value: 0
      objectReference: {fileID: 0}
    - target: {fileID: 1933297280396201638, guid: 953158c0bcaac2542b8d951b194a804b, type: 3}
      propertyPath: m_LocalEulerAnglesHint.z
      value: 0
      objectReference: {fileID: 0}
    m_RemovedComponents: []
  m_SourcePrefab: {fileID: 100100000, guid: 953158c0bcaac2542b8d951b194a804b, type: 3}
--- !u!4 &2642890338705740380 stripped
Transform:
  m_CorrespondingSourceObject: {fileID: 1933297280396201638, guid: 953158c0bcaac2542b8d951b194a804b, type: 3}
  m_PrefabInstance: {fileID: 4501661602866568442}
  m_PrefabAsset: {fileID: 0}
--- !u!1 &2912710839108446509 stripped
GameObject:
  m_CorrespondingSourceObject: {fileID: 1591207128656098775, guid: 953158c0bcaac2542b8d951b194a804b, type: 3}
  m_PrefabInstance: {fileID: 4501661602866568442}
  m_PrefabAsset: {fileID: 0}
--- !u!1001 &5250776135031586040
PrefabInstance:
  m_ObjectHideFlags: 0
  serializedVersion: 2
  m_Modification:
    m_TransformParent: {fileID: 5668082462200905261}
    m_Modifications:
    - target: {fileID: 5000208982451572689, guid: 7f37b8877f7adc1478448e61f51ba5db, type: 3}
      propertyPath: m_Name
      value: Box_1 (1)
      objectReference: {fileID: 0}
    - target: {fileID: 6395641422866870663, guid: 7f37b8877f7adc1478448e61f51ba5db, type: 3}
      propertyPath: m_RootOrder
      value: 3
      objectReference: {fileID: 0}
    - target: {fileID: 6395641422866870663, guid: 7f37b8877f7adc1478448e61f51ba5db, type: 3}
      propertyPath: m_LocalScale.x
      value: 1.5
      objectReference: {fileID: 0}
    - target: {fileID: 6395641422866870663, guid: 7f37b8877f7adc1478448e61f51ba5db, type: 3}
      propertyPath: m_LocalScale.y
      value: 1.5
      objectReference: {fileID: 0}
    - target: {fileID: 6395641422866870663, guid: 7f37b8877f7adc1478448e61f51ba5db, type: 3}
      propertyPath: m_LocalScale.z
      value: 2
      objectReference: {fileID: 0}
    - target: {fileID: 6395641422866870663, guid: 7f37b8877f7adc1478448e61f51ba5db, type: 3}
      propertyPath: m_LocalPosition.x
      value: 0.3
      objectReference: {fileID: 0}
    - target: {fileID: 6395641422866870663, guid: 7f37b8877f7adc1478448e61f51ba5db, type: 3}
      propertyPath: m_LocalPosition.y
      value: 0.184
      objectReference: {fileID: 0}
    - target: {fileID: 6395641422866870663, guid: 7f37b8877f7adc1478448e61f51ba5db, type: 3}
      propertyPath: m_LocalPosition.z
      value: -0.48
      objectReference: {fileID: 0}
    - target: {fileID: 6395641422866870663, guid: 7f37b8877f7adc1478448e61f51ba5db, type: 3}
      propertyPath: m_LocalRotation.w
      value: 1
      objectReference: {fileID: 0}
    - target: {fileID: 6395641422866870663, guid: 7f37b8877f7adc1478448e61f51ba5db, type: 3}
      propertyPath: m_LocalRotation.x
      value: 0
      objectReference: {fileID: 0}
    - target: {fileID: 6395641422866870663, guid: 7f37b8877f7adc1478448e61f51ba5db, type: 3}
      propertyPath: m_LocalRotation.y
      value: 0
      objectReference: {fileID: 0}
    - target: {fileID: 6395641422866870663, guid: 7f37b8877f7adc1478448e61f51ba5db, type: 3}
      propertyPath: m_LocalRotation.z
      value: 0
      objectReference: {fileID: 0}
    - target: {fileID: 6395641422866870663, guid: 7f37b8877f7adc1478448e61f51ba5db, type: 3}
      propertyPath: m_LocalEulerAnglesHint.x
      value: 0
      objectReference: {fileID: 0}
    - target: {fileID: 6395641422866870663, guid: 7f37b8877f7adc1478448e61f51ba5db, type: 3}
      propertyPath: m_LocalEulerAnglesHint.y
      value: 0
      objectReference: {fileID: 0}
    - target: {fileID: 6395641422866870663, guid: 7f37b8877f7adc1478448e61f51ba5db, type: 3}
      propertyPath: m_LocalEulerAnglesHint.z
      value: 0
      objectReference: {fileID: 0}
    m_RemovedComponents: []
  m_SourcePrefab: {fileID: 100100000, guid: 7f37b8877f7adc1478448e61f51ba5db, type: 3}
--- !u!4 &1161753804797316479 stripped
Transform:
  m_CorrespondingSourceObject: {fileID: 6395641422866870663, guid: 7f37b8877f7adc1478448e61f51ba5db, type: 3}
  m_PrefabInstance: {fileID: 5250776135031586040}
  m_PrefabAsset: {fileID: 0}
--- !u!1 &5998549516749767433 stripped
GameObject:
  m_CorrespondingSourceObject: {fileID: 2009062915651534833, guid: 7f37b8877f7adc1478448e61f51ba5db, type: 3}
  m_PrefabInstance: {fileID: 5250776135031586040}
  m_PrefabAsset: {fileID: 0}
--- !u!1001 &6656070812856423650
PrefabInstance:
  m_ObjectHideFlags: 0
  serializedVersion: 2
  m_Modification:
    m_TransformParent: {fileID: 5668082462200905261}
    m_Modifications:
    - target: {fileID: 4673612198529529615, guid: c8d104e8cc86ab540871e7c8a9d01224, type: 3}
      propertyPath: m_RootOrder
      value: 4
      objectReference: {fileID: 0}
    - target: {fileID: 4673612198529529615, guid: c8d104e8cc86ab540871e7c8a9d01224, type: 3}
      propertyPath: m_LocalPosition.x
      value: 0.1
      objectReference: {fileID: 0}
    - target: {fileID: 4673612198529529615, guid: c8d104e8cc86ab540871e7c8a9d01224, type: 3}
      propertyPath: m_LocalPosition.y
      value: 0.57
      objectReference: {fileID: 0}
    - target: {fileID: 4673612198529529615, guid: c8d104e8cc86ab540871e7c8a9d01224, type: 3}
      propertyPath: m_LocalPosition.z
      value: -0.387
      objectReference: {fileID: 0}
    - target: {fileID: 4673612198529529615, guid: c8d104e8cc86ab540871e7c8a9d01224, type: 3}
      propertyPath: m_LocalRotation.w
      value: 1
      objectReference: {fileID: 0}
    - target: {fileID: 4673612198529529615, guid: c8d104e8cc86ab540871e7c8a9d01224, type: 3}
      propertyPath: m_LocalRotation.x
      value: 0
      objectReference: {fileID: 0}
    - target: {fileID: 4673612198529529615, guid: c8d104e8cc86ab540871e7c8a9d01224, type: 3}
      propertyPath: m_LocalRotation.y
      value: 0
      objectReference: {fileID: 0}
    - target: {fileID: 4673612198529529615, guid: c8d104e8cc86ab540871e7c8a9d01224, type: 3}
      propertyPath: m_LocalRotation.z
      value: 0
      objectReference: {fileID: 0}
    - target: {fileID: 4673612198529529615, guid: c8d104e8cc86ab540871e7c8a9d01224, type: 3}
      propertyPath: m_LocalEulerAnglesHint.x
      value: 0
      objectReference: {fileID: 0}
    - target: {fileID: 4673612198529529615, guid: c8d104e8cc86ab540871e7c8a9d01224, type: 3}
      propertyPath: m_LocalEulerAnglesHint.y
      value: 0
      objectReference: {fileID: 0}
    - target: {fileID: 4673612198529529615, guid: c8d104e8cc86ab540871e7c8a9d01224, type: 3}
      propertyPath: m_LocalEulerAnglesHint.z
      value: 0
      objectReference: {fileID: 0}
    - target: {fileID: 4673612198529529648, guid: c8d104e8cc86ab540871e7c8a9d01224, type: 3}
      propertyPath: m_Name
      value: Box_3 (1)
      objectReference: {fileID: 0}
    m_RemovedComponents: []
  m_SourcePrefab: {fileID: 100100000, guid: c8d104e8cc86ab540871e7c8a9d01224, type: 3}
--- !u!4 &2054517379256280045 stripped
Transform:
  m_CorrespondingSourceObject: {fileID: 4673612198529529615, guid: c8d104e8cc86ab540871e7c8a9d01224, type: 3}
  m_PrefabInstance: {fileID: 6656070812856423650}
  m_PrefabAsset: {fileID: 0}
--- !u!1 &1171628021125267882 stripped
GameObject:
  m_CorrespondingSourceObject: {fileID: 5484654656296047944, guid: c8d104e8cc86ab540871e7c8a9d01224, type: 3}
  m_PrefabInstance: {fileID: 6656070812856423650}
  m_PrefabAsset: {fileID: 0}
--- !u!1001 &7876521747331384438
PrefabInstance:
  m_ObjectHideFlags: 0
  serializedVersion: 2
  m_Modification:
    m_TransformParent: {fileID: 0}
    m_Modifications:
    - target: {fileID: 4456027594283530292, guid: cb7d98a1febc7db44865c2279dc8775d, type: 3}
      propertyPath: m_RootOrder
      value: 0
      objectReference: {fileID: 0}
    - target: {fileID: 4456027594283530292, guid: cb7d98a1febc7db44865c2279dc8775d, type: 3}
      propertyPath: m_LocalPosition.x
      value: 0
      objectReference: {fileID: 0}
    - target: {fileID: 4456027594283530292, guid: cb7d98a1febc7db44865c2279dc8775d, type: 3}
      propertyPath: m_LocalPosition.y
      value: 0
      objectReference: {fileID: 0}
    - target: {fileID: 4456027594283530292, guid: cb7d98a1febc7db44865c2279dc8775d, type: 3}
      propertyPath: m_LocalPosition.z
      value: -1
      objectReference: {fileID: 0}
    - target: {fileID: 4456027594283530292, guid: cb7d98a1febc7db44865c2279dc8775d, type: 3}
      propertyPath: m_LocalRotation.w
      value: 1
      objectReference: {fileID: 0}
    - target: {fileID: 4456027594283530292, guid: cb7d98a1febc7db44865c2279dc8775d, type: 3}
      propertyPath: m_LocalRotation.x
      value: 0
      objectReference: {fileID: 0}
    - target: {fileID: 4456027594283530292, guid: cb7d98a1febc7db44865c2279dc8775d, type: 3}
      propertyPath: m_LocalRotation.y
      value: 0
      objectReference: {fileID: 0}
    - target: {fileID: 4456027594283530292, guid: cb7d98a1febc7db44865c2279dc8775d, type: 3}
      propertyPath: m_LocalRotation.z
      value: 0
      objectReference: {fileID: 0}
    - target: {fileID: 4456027594283530292, guid: cb7d98a1febc7db44865c2279dc8775d, type: 3}
      propertyPath: m_LocalEulerAnglesHint.x
      value: 0
      objectReference: {fileID: 0}
    - target: {fileID: 4456027594283530292, guid: cb7d98a1febc7db44865c2279dc8775d, type: 3}
      propertyPath: m_LocalEulerAnglesHint.y
      value: 0
      objectReference: {fileID: 0}
    - target: {fileID: 4456027594283530292, guid: cb7d98a1febc7db44865c2279dc8775d, type: 3}
      propertyPath: m_LocalEulerAnglesHint.z
      value: 0
      objectReference: {fileID: 0}
    - target: {fileID: 4457328215087559128, guid: cb7d98a1febc7db44865c2279dc8775d, type: 3}
      propertyPath: m_StaticEditorFlags
      value: 0
      objectReference: {fileID: 0}
    - target: {fileID: 4457360069408678548, guid: cb7d98a1febc7db44865c2279dc8775d, type: 3}
      propertyPath: m_StaticEditorFlags
      value: 0
      objectReference: {fileID: 0}
    - target: {fileID: 4457403566708530152, guid: cb7d98a1febc7db44865c2279dc8775d, type: 3}
      propertyPath: m_StaticEditorFlags
      value: 0
      objectReference: {fileID: 0}
    - target: {fileID: 4457417173160759782, guid: cb7d98a1febc7db44865c2279dc8775d, type: 3}
      propertyPath: m_StaticEditorFlags
      value: 0
      objectReference: {fileID: 0}
    - target: {fileID: 4457417318083750330, guid: cb7d98a1febc7db44865c2279dc8775d, type: 3}
      propertyPath: m_StaticEditorFlags
      value: 0
      objectReference: {fileID: 0}
    - target: {fileID: 4457474468980905852, guid: cb7d98a1febc7db44865c2279dc8775d, type: 3}
      propertyPath: m_StaticEditorFlags
      value: 0
      objectReference: {fileID: 0}
    - target: {fileID: 4457528326849949684, guid: cb7d98a1febc7db44865c2279dc8775d, type: 3}
      propertyPath: m_Name
      value: Corridor_S2 Variant
      objectReference: {fileID: 0}
    - target: {fileID: 4457528326849949684, guid: cb7d98a1febc7db44865c2279dc8775d, type: 3}
      propertyPath: m_IsActive
      value: 1
      objectReference: {fileID: 0}
    - target: {fileID: 4457568257943596758, guid: cb7d98a1febc7db44865c2279dc8775d, type: 3}
      propertyPath: m_StaticEditorFlags
      value: 0
      objectReference: {fileID: 0}
    - target: {fileID: 4457605075897383314, guid: cb7d98a1febc7db44865c2279dc8775d, type: 3}
      propertyPath: m_StaticEditorFlags
      value: 0
      objectReference: {fileID: 0}
    - target: {fileID: 4457632885301413796, guid: cb7d98a1febc7db44865c2279dc8775d, type: 3}
      propertyPath: m_StaticEditorFlags
      value: 0
      objectReference: {fileID: 0}
    - target: {fileID: 4457644924182351894, guid: cb7d98a1febc7db44865c2279dc8775d, type: 3}
      propertyPath: m_StaticEditorFlags
      value: 0
      objectReference: {fileID: 0}
    - target: {fileID: 4457681792619957814, guid: cb7d98a1febc7db44865c2279dc8775d, type: 3}
      propertyPath: m_StaticEditorFlags
      value: 0
      objectReference: {fileID: 0}
    - target: {fileID: 4457686004270246678, guid: cb7d98a1febc7db44865c2279dc8775d, type: 3}
      propertyPath: m_StaticEditorFlags
      value: 0
      objectReference: {fileID: 0}
    - target: {fileID: 4457690627398030054, guid: cb7d98a1febc7db44865c2279dc8775d, type: 3}
      propertyPath: m_StaticEditorFlags
      value: 0
      objectReference: {fileID: 0}
    - target: {fileID: 4457724435234588716, guid: cb7d98a1febc7db44865c2279dc8775d, type: 3}
      propertyPath: m_StaticEditorFlags
      value: 0
      objectReference: {fileID: 0}
    - target: {fileID: 4457724531903375738, guid: cb7d98a1febc7db44865c2279dc8775d, type: 3}
      propertyPath: m_StaticEditorFlags
      value: 0
      objectReference: {fileID: 0}
    - target: {fileID: 4457733926562536092, guid: cb7d98a1febc7db44865c2279dc8775d, type: 3}
      propertyPath: m_StaticEditorFlags
      value: 0
      objectReference: {fileID: 0}
    - target: {fileID: 4457738864986814334, guid: cb7d98a1febc7db44865c2279dc8775d, type: 3}
      propertyPath: m_StaticEditorFlags
      value: 0
      objectReference: {fileID: 0}
    - target: {fileID: 4457780742786328016, guid: cb7d98a1febc7db44865c2279dc8775d, type: 3}
      propertyPath: m_StaticEditorFlags
      value: 0
      objectReference: {fileID: 0}
    - target: {fileID: 4457786044288281858, guid: cb7d98a1febc7db44865c2279dc8775d, type: 3}
      propertyPath: m_StaticEditorFlags
      value: 0
      objectReference: {fileID: 0}
    - target: {fileID: 4457791911731551094, guid: cb7d98a1febc7db44865c2279dc8775d, type: 3}
      propertyPath: m_StaticEditorFlags
      value: 0
      objectReference: {fileID: 0}
    - target: {fileID: 4457872981607978306, guid: cb7d98a1febc7db44865c2279dc8775d, type: 3}
      propertyPath: m_StaticEditorFlags
      value: 0
      objectReference: {fileID: 0}
    - target: {fileID: 4457887190329756338, guid: cb7d98a1febc7db44865c2279dc8775d, type: 3}
      propertyPath: m_StaticEditorFlags
      value: 0
      objectReference: {fileID: 0}
    - target: {fileID: 4457894768857966278, guid: cb7d98a1febc7db44865c2279dc8775d, type: 3}
      propertyPath: m_StaticEditorFlags
      value: 0
      objectReference: {fileID: 0}
    - target: {fileID: 4457913595947666126, guid: cb7d98a1febc7db44865c2279dc8775d, type: 3}
      propertyPath: m_StaticEditorFlags
      value: 0
      objectReference: {fileID: 0}
    - target: {fileID: 4457921391880959482, guid: cb7d98a1febc7db44865c2279dc8775d, type: 3}
      propertyPath: m_StaticEditorFlags
      value: 0
      objectReference: {fileID: 0}
    - target: {fileID: 4457953975155607280, guid: cb7d98a1febc7db44865c2279dc8775d, type: 3}
      propertyPath: m_StaticEditorFlags
      value: 0
      objectReference: {fileID: 0}
    - target: {fileID: 4457963440460990430, guid: cb7d98a1febc7db44865c2279dc8775d, type: 3}
      propertyPath: m_StaticEditorFlags
      value: 0
      objectReference: {fileID: 0}
    - target: {fileID: 4457969683594931274, guid: cb7d98a1febc7db44865c2279dc8775d, type: 3}
      propertyPath: m_StaticEditorFlags
      value: 0
      objectReference: {fileID: 0}
    - target: {fileID: 4457984416519550934, guid: cb7d98a1febc7db44865c2279dc8775d, type: 3}
      propertyPath: m_StaticEditorFlags
      value: 0
      objectReference: {fileID: 0}
    - target: {fileID: 4457986516570197504, guid: cb7d98a1febc7db44865c2279dc8775d, type: 3}
      propertyPath: m_StaticEditorFlags
      value: 0
      objectReference: {fileID: 0}
    - target: {fileID: 4458097141502643926, guid: cb7d98a1febc7db44865c2279dc8775d, type: 3}
      propertyPath: m_StaticEditorFlags
      value: 0
      objectReference: {fileID: 0}
    - target: {fileID: 4458108834106699242, guid: cb7d98a1febc7db44865c2279dc8775d, type: 3}
      propertyPath: m_StaticEditorFlags
      value: 0
      objectReference: {fileID: 0}
    - target: {fileID: 4458185467111561372, guid: cb7d98a1febc7db44865c2279dc8775d, type: 3}
      propertyPath: m_StaticEditorFlags
      value: 0
      objectReference: {fileID: 0}
    - target: {fileID: 4458273713330041082, guid: cb7d98a1febc7db44865c2279dc8775d, type: 3}
      propertyPath: m_StaticEditorFlags
      value: 0
      objectReference: {fileID: 0}
    - target: {fileID: 8326359600988345654, guid: cb7d98a1febc7db44865c2279dc8775d, type: 3}
      propertyPath: m_Enabled
      value: 1
      objectReference: {fileID: 0}
    m_RemovedComponents: []
  m_SourcePrefab: {fileID: 100100000, guid: cb7d98a1febc7db44865c2279dc8775d, type: 3}
--- !u!4 &5807949931122015298 stripped
Transform:
  m_CorrespondingSourceObject: {fileID: 4456027594283530292, guid: cb7d98a1febc7db44865c2279dc8775d, type: 3}
  m_PrefabInstance: {fileID: 7876521747331384438}
  m_PrefabAsset: {fileID: 0}
